<?xml version="1.0" encoding="UTF-8"?><collection xmlns="http://www.loc.gov/MARC21/slim"><record><leader>00526nam--2200169-i-4500</leader><controlfield tag="001">000041207</controlfield><controlfield tag="002">20161230</controlfield><controlfield tag="005">20161230201043</controlfield><controlfield tag="008">060222s1000------------r-----000-0-eng-d</controlfield><datafield ind1=" " ind2=" " tag="040"><subfield code="a">IFIN-HH</subfield></datafield><datafield ind1=" " ind2=" " tag="080"><subfield code="a">538.913:548.4</subfield></datafield><datafield ind1="1" ind2=" " tag="100"><subfield code="a">Stevenson, R.W.H</subfield></datafield><datafield ind1="1" ind2="0" tag="245"><subfield code="a">Phonons in perfect lattices and in lattices with point imperfections</subfield><subfield code="b">Scottish universities summer school 1965</subfield><subfield code="c">R.w.h. stevenson (ed.)</subfield></datafield><datafield ind1=" " ind2=" " tag="260"><subfield code="a">Edinburgh</subfield><subfield code="b">Oliver &amp; Boyd</subfield><subfield code="c">1966</subfield></datafield><datafield ind1=" " ind2=" " tag="300"><subfield code="a">XIV+448P</subfield></datafield><datafield ind1=" " ind2=" " tag="852"><subfield code="a">74958</subfield><subfield code="c">539.2</subfield></datafield><datafield ind1=" " ind2=" " tag="CAT"><subfield code="a">Sys</subfield><subfield code="c">20121112</subfield><subfield code="h">170832</subfield></datafield></record></collection>